@article{sari2002analysis,
  title={Analysis of gravity anomalies with hyperbolic density contrast: An application to the gravity data of Western Anatolia},
  author={Sari, Co{\c{s}}kun and Salk, M{\"u}jgan},
  journal={Journal of the Balkan Geophysical Society},
  volume={5},
  number={3},
  pages={87--96},
  year={2002}
}

@article{silva2006gravity,
  title={Gravity inversion of basement relief and estimation of density contrast variation with depth},
  author={Silva, Jo{\~a}o B and Costa, Denis C and Barbosa, Val{\'e}ria C},
  journal={Geophysics},
  volume={71},
  number={5},
  pages={J51--J58},
  year={2006},
  publisher={Society of Exploration Geophysicists}
}
